 @BOOK{thermal,
   AUTHOR="Daniel V. Schroeder",
   TITLE="An Introduction to Thermal Physics",
   PUBLISHER="Robin J. Heyden",
   YEAR=1999,
 }

  @BOOK{foot,
   AUTHOR="C.J. Foot",
   TITLE="Atomic Physics",
   PUBLISHER="Oxford Press",
   ADDRESS="New York",
   YEAR=2005,
 }

 @BOOK{LCandT,
   AUTHOR="Harold J. Metcalf and Peter van der Straten",
   TITLE="Laser Cooling and Trapping",
   PUBLISHER="Springer-Verlagen",
   ADDRESS="New York",
   YEAR=1999,
 }

 @BOOK{introQM,
   AUTHOR="David J. Griffiths",
   TITLE="Introduction to Quantum Mechanics",
   PUBLISHER="Pearson Education",
   ADDRESS="Prentice Hall, New Jersey",
   YEAR=1995,
 }

@MISC{nlundblad,
    AUTHOR = "Nathan Lundblad",
	NOTE = "Private Communication"
}

@MISC{hlin,
    AUTHOR = "Hong Lin",
	NOTE = "Private Communication"
}


 @MISC{sshea,
   AUTHOR = "Stevens L. Shea",
   TITLE = "{Magnetic} {Trapping} of {Rubidium} en {Route} to {Bose}-{Einstein} {Condensate} {Formation} {Using} an {Atom} {Chip} {Based} {Trap}",
   SCHOOL = "Bates College",
   NOTE = "Honors Thesis",
   YEAR = 2022,
}

 @MISC{mcwik,
   AUTHOR = "Mica\l\ \'Cwik",
   TITLE = "{2D} and {3D} {Magneto}-{Optical} {Trapping} of $^87${RB} in an {Atom} {Chip} {Bose}-{Einstein} {Condensation} {Apparatus}",
   NOTE = "Honors Thesis",
   SCHOOL = "Bates College",
   YEAR = 2020,
}

@MISC{dpaseltiner,
   AUTHOR = "Daniel Adkins Paseltiner",
   TITLE = "{Progress} towards {Bose}-{Einstein} {Condensation} on an {Atom} {Chip} as a {Functional} {Testbed} for {Experiments} aboard the {Orbital} {NASA} {Cold} {Atom} {Labratory}",
   NOTE = "Honors Thesis",
   SCHOOL = "Bates College",
   YEAR = 2020,
}


 @BOOK{TDandSM,
   AUTHOR="W. Greiner, L. Neise, and H. St√∂cker",
   TITLE="Thermodynamics and Statistical Mechanics",
   PUBLISHER="Springer",
   ADDRESS="Berlin, Germany",
   YEAR=1995,
 }

 @BOOK{stattherm,
   AUTHOR="Professor Dmitry Garanin",
   TITLE="Statistical Thermodynamics",
   YEAR=2021,
 }

 @article{metcalf_article,
author = {Metcalf, H.J. and van der Straten, Peter},
year = {2003},
month = {05},
pages = {},
title = {Laser Cooling and Trapping},
volume = {20},
journal = {Journal of the Optical Society of America B},
doi = {10.1364/JOSAB.20.000887}
}

 @misc{steck, 
 title={Rubidium 87 {D} {Line} {Data} - {steck}},
 url={https://steck.us/alkalidata/rubidium87numbers.1.6.pdf}, 
 journal={Rubidium 87 D Line Data}, author={Steck, David A.},
 year={2001}, 
 month={Sep}
    } 

@article{Atoneche,
doi = {10.1088/1361-6404/aa6e6f},
url = {https://dx.doi.org/10.1088/1361-6404/aa6e6f},
year = {2017},
month = {may},
publisher = {IOP Publishing},
volume = {38},
number = {4},
pages = {045703},
author = {Fred Atoneche and Anders Kastberg},
title = {Simplified Approach for Quantitative Calculations of Optical Pumping},
journal = {European Journal of Physics},
}

@other{may,
note = {Nibedita Ram et al 2007 J. Phys.: Conf. Ser. 80 012035}
}

@online{aom,
  author = {RP Phototronics Encyclopedia},
  title = {Acousto-optic Modulators},
  year = 2021,
  url = {https://www.rp-photonics.com/acousto_optic_modulators.html},
  urldate = {2023-04-10}
}
@online{fiberoptics,
  author = {RP Phototronics Encyclopedia},
  title = {Passive Fiber Optics},
  year = 2016,
  url = {https://www.rp-photonics.com/passive_fiber_optics.html},
  urldate = {2023-04-10}
}

 @misc{bouyer, title={RF-induced evaporative cooling and BEC in a high magnetic field}, url={https://arxiv.org/abs/physics/0003050}, journal={arXiv.org}, author={Bouyer, P. and Boyer, V. and Murdoch, S. G. and Delannoy, G. and Coq, Y. Le and Aspect, A. and Lecrivain, M.}, year={2000}, month={Mar}} 


 @book{peatross_ware_2019, place={Provo, UT}, title={Physics of light and Optics}, publisher={Brigham Young University, Department of Physics}, author={Peatross, Justin and Ware, Michael}, year={2019}} 
%cite this
%https://iopscience.iop.org/article/10.1088/1742-6596/80/1/012035/pdf





